@article{dosovitskiy2020image,
  title={An Image is Worth 16x16 Words: Transformers for Image Recognition at Scale},
  author={Dosovitskiy, Alexey and Beyer, Lucas and Kolesnikov, Alexander and Weissenborn, Dirk and Zhai, Xiaohua and Unterthiner, Thomas and Dehghani, Mostafa and Minderer, Matthias and Heigold, Georg and Gelly, Sylvain and Uszkoreit, Jakob and Houlsby, Neil},
  year={2020},
  eprint={2010.11929},
  archivePrefix={arXiv},
  primaryClass={cs.CV},
  url={https://arxiv.org/pdf/2010.11929.pdf}
}

@misc{kaggle_pneumonia,
  author = {Paul Mooney},
  title = {Chest X-Ray Images (Pneumonia)},
  year = {2018},
  howpublished = {Available at: https://www.kaggle.com/datasets/paultimothymooney/chest-xray-pneumonia (Accessed: 2025-08-25)}
}
